@misc{ wiki:xxx,
   author = "Wikipedia",
   title = "Butterfly effect --- Wikipedia{,} The Free Encyclopedia",
   year = "2013",
   url = "\url{http://en.wikipedia.org/w/index.php?title=Butterfly_effect&oldid=582302704}",
   note = "[Online; accessed 2-December-2013]"
 }