@misc{ wiki:ButterflyEffect,
   author = "Wikipedia",
   title = "Snakes and Ladders --- Wikipedia{,} The Free Encyclopedia",
   year = "2013",
   howpublished = "\url{http://en.wikipedia.org/w/index.php?title=Snakes_and_Ladders&oldid=581047421}",
   note = "[Online; accessed 9-December-2013]"
 }